@article{Einstein1916,
  author  = {Einstein, Albert},
  title   = {Hamiltonsches Prinzip und die allgemeine Relativitätstheorie},
  journal = {Sitzungsberichte der Königlich Preußischen Akademie der Wissenschaften (Berlin)},
  year    = {1916},
  pages   = {1111--1116},
  note    = {“Seminal formulation of the Einstein–Hilbert action”––Sec.\ 1.2}
}
@article{Hilbert1915,
  author  = {Hilbert, David},
  title   = {Die Grundlagen der Physik (Erste Mitteilung)},
  journal = {Nachrichten von der Gesellschaft der Wissenschaften zu Göttingen, Mathematisch-Physikalische Klasse},
  year    = {1915},
  pages   = {395--408},
  note    = {Introduces \(R\sqrt{-g}\) variational principle; cited with Einstein 1916 in Sec.\ 1.2}
}

@incollection{ADM1962,
  author    = {Arnowitt, Richard and Deser, Stanley and Misner, Charles W.},
  title     = {The Dynamics of General Relativity},
  booktitle = {Gravitation: An Introduction to Current Research},
  editor    = {Witten, Louis},
  publisher = {Wiley},
  address   = {New York},
  year      = {1962},
  pages     = {227--265},
  note      = {Source of the “ADM 3\,+\,1 foliation” discussed in Sec.\ 1.1}
}

@article{Milgrom1983,
  author  = {Milgrom, Mordehai},
  title   = {A Modification of the Newtonian Dynamics as a Possible Alternative to the Hidden Mass Hypothesis},
  journal = {Astrophysical Journal},
  year    = {1983},
  volume  = {270},
  pages   = {365--370},
  note    = {Prototype MOND paper; benchmark for galaxy-rotation discussion, Sec.\ 3.1}
}

@article{Verlinde2011,
  author  = {Verlinde, Erik},
  title   = {On the Origin of Gravity and the Laws of Newton},
  journal = {Journal of High Energy Physics},
  year    = {2011},
  volume  = {2011},
  number  = {4},
  pages   = {29},
  note    = {Early emergent-gravity argument; paired with MOND in Sec.\ 3.1}
}

@article{Verlinde2017,
  author  = {Verlinde, Erik P.},
  title   = {Emergent Gravity and the Dark Universe},
  journal = {SciPost Physics},
  year    = {2017},
  volume  = {2},
  pages   = {016},
  note    = {Updated derivation referenced in the same passage as Verlinde 2011}
}

@article{Kibble1961,
  author  = {Kibble, T. W. B.},
  title   = {Lorentz Invariance and the Gravitational Field},
  journal = {Journal of Mathematical Physics},
  year    = {1961},
  volume  = {2},
  pages   = {212--221},
  note    = {Foundational Einstein–Cartan torsion paper; cited in App.\ A.2.5}
}

@article{Sciama1964,
  author  = {Sciama, Dennis W.},
  title   = {The Physical Structure of General Relativity},
  journal = {Reviews of Modern Physics},
  year    = {1964},
  volume  = {36},
  pages   = {463--469},
  note    = {Complementary EC treatment; also invoked in App.\ A.2.5}
}

@article{caticha2015,
  title={Entropic dynamics},
  author={Caticha, Ariel},
  journal={Entropy},
  volume={17},
  number={9},
  pages={6110--6128},
  year={2015},
  publisher={MDPI}
}

@article{Damour2012l,
  title={Theoretical aspects of the equivalence principle},
  author={Damour, Thibault},
  journal={Classical and Quantum Gravity},
  volume={29},
  number={18},
  pages={184001},
  year={2012},
  publisher={IOP Publishing}
}

@article{Hilbert1916,
  title={Mathematische Probleme},
  author={Hilbert, David},
  journal={Nachrichten von der Kgl. Gesellschaft der Wissenschaften zu Göttingen, Mathematisch-physikalische Klasse},
  pages={253--297},
  year={1916},
  note={This entry is speculative, as the PDF cites "[?]" in the text for the variational principle for field equations. Assuming it refers to Hilbert's work contemporary to Einstein's, this is a plausible candidate. The original Hilbert 1915 is already in the .bib file, so this is for the second instance of "[?]" on page 3.}
}

@article{ChameleonTheory,
  title={Chameleon fields},
  author={Khoury, Justin and Weltman, Amanda},
  journal={Physical Review Letters},
  volume={93},
  number={17},
  pages={171104},
  year={2004},
  publisher={APS},
  note={This entry is speculative, as the PDF cites "[?,?]" for chameleon fields. This is one common reference for the concept.}
}

@article{Brax2011,
  title={Chameleon theories and their cosmological consequences},
  author={Brax, Philippe},
  journal={Living Reviews in Relativity},
  volume={14},
  number={1},
  pages={1},
  year={2011},
  publisher={Springer},
  note={This entry is speculative, as the PDF cites "[?,?]" for chameleon fields. This is another common reference for the concept, often paired with Khoury and Weltman.}
}

@article{padmanabhan2005gravity,
  title        = {Gravity and the thermodynamics of horizons: A perspective on spacetime microstructure},
  author       = {t. padmanabhan},
  journal      = {Physics Reports},
  volume       = {406},
  number       = {2},
  pages        = {49--125},
  year         = {2005},
  issn         = {0370-1573},
  doi          = {10.1016/j.physrep.2004.10.003},
  url          = {https://doi.org/10.1016/j.physrep.2004.10.003}
}

@article{vanraamsdonk2010building,
  title        = {Building up spacetime with quantum entanglement},
  author       = {m.\ van raamsdonk},
  journal      = {General Relativity and Gravitation},
  volume       = {42},
  number       = {10},
  pages        = {2323--2329},
  year         = {2010},
  doi          = {10.1007/s10714-010-1034-0},
  url          = {https://doi.org/10.1007/s10714-010-1034-0}
}

@article{swingle2018spacetime,
  title        = {Spacetime from entanglement},
  author       = {b.\ swingle},
  journal      = {Annual Review of Condensed Matter Physics},
  volume       = {9},
  pages        = {345--358},
  year         = {2018},
  issn         = {1947-5454},
  doi          = {10.1146/annurev-conmatphys-033117-054219},
  url          = {https://doi.org/10.1146/annurev-conmatphys-033117-054219}
}

@article{debroglie1925recherches,
  title        = {Recherches sur la théorie des quanta},
  author       = {l.\ de broglie},
  journal      = {Annales de Physique},
  volume       = {10},
  pages        = {22--128},
  year         = {1925},
  doi          = {10.1051/anphys/192510030022},
  url          = {https://doi.org/10.1051/anphys/192510030022}
}

@article{altaie2022time,
  title        = {Time and Quantum Clocks: A Review of Recent Developments},
  author       = {m.\ basil altaie and d.\ hodgson and a.\ beige},
  journal      = {Frontiers in Physics},
  volume       = {10},
  pages        = {897305},
  year         = {2022},
  doi          = {10.3389/fphy.2022.897305},
  url          = {https://doi.org/10.3389/fphy.2022.897305}
}
@misc{nvidia-gpugems,
  author       = {Krüger, Jens and Westermann, Rüdiger},
  title        = {Chapter 44. A GPU Framework for Solving Systems of Linear Equations},
  booktitle    = {GPU Gems 2},
  editor       = {Pharr, Matt},
  publisher    = {Addison-Wesley},
  year         = {2005},
  }

@article{lanl-synapses,
  author       = {Homeland Security Today},
  title        = {Los Alamos National Laboratory Researchers Design New Artificial Synapses for Neuromorphic Computing},
  journal      = {Homeland Security Today},
  year         = {2023},
  month        = {June 14},
 }

@misc{postquantum-exotic,
  author       = {Ivezic, Marin},
  title        = {Quantum Computing Modalities: Exotic and Emerging QC},
  year         = {2023},
  month        = {September 4}
}

@article{Tononi2004,
  author       = {Tononi, Giulio},
  title        = {An information integration theory of consciousness},
  journal      = {BMC Neuroscience},
  volume       = {5},
  pages        = {42},
  year         = {2004}
}

@article{Friston2010,
  author       = {Friston, Karl},
  title        = {The free-energy principle: a unified brain theory?},
  journal      = {Nature Reviews Neuroscience},
  volume       = {11},
  number       = {2},
  pages        = {127--138},
  year         = {2010}
}

@book{PenroseHameroff2014,
  author       = {Penrose, Roger and Hameroff, Stuart},
  title        = {Consciousness in the Universe: A review of the ‘Orch OR’ theory},
  publisher    = {Springer},
  year         = {2014}
}

@article{Singer2011,
  author       = {Singer, Wolf and Varela, Francisco},
  title        = {Brain Waves Synchronize when People Interact},
  journal      = {Scientific American},
  year         = {2011}
}

@misc{Ullman2020,
  author       = {Ullman, Jacob},
  title        = {Resonance Field Theory (RFT): The Chiral Structure of Space, Time, and Matter},
  year         = {2020},
  howpublished = {\url{https://philarchive.org/archive/BOSRFT-2}}
}

@misc{Allen2025,
  author       = {Allen Institute},
  title        = {Landmark experiment sheds new light on the origins of consciousness},
  year         = {2025},
}

@article{SciAmBrainSync2015,
  author       = {Dumas, Guillaume and Nadel, Jacqueline},
  title        = {Brain–Brain Synchrony when People Interact},
  journal      = {Scientific American},
  year         = {2015},
}

@article{SciAmQuantum2021,
  author       = {Green, David},
  title        = {Experiments Prepare to Test Whether Consciousness Arises from Quantum Weirdness},
  journal      = {Scientific American},
  year         = {2021},
}

@misc{Nelson2002,
  author       = {Nelson, Roger},
  title        = {The Global Consciousness Project},
  year         = {2002},
  note         = {Random Number Generator Correlations during Global Events}
}
